@inproceedings{chan2015systematic,
  title={Systematic analysis of machine learning algorithms on EEG data for brain state intelligence},
  author={Chan, Alexander and Early, Christopher E and Subedi, Sishir and Li, Yuezhe and Lin, Hong},
  booktitle={Bioinformatics and Biomedicine (BIBM), 2015 IEEE International Conference on},
  pages={793--799},
  year={2015},
  organization={IEEE}
}
@article{sun2007experimental,
	title={An experimental evaluation of ensemble methods for EEG signal classification},
	author={Sun, Shiliang and Zhang, Changshui and Zhang, Dan},
	journal={Pattern Recognition Letters},
	volume={28},
	number={15},
	pages={2157--2163},
	year={2007},
	publisher={Elsevier}
}
@inproceedings{li2015ocular,
	title={An ocular artefacts correction method for discriminative EEG analysis based on logistic regression},
	author={Li, Xinyang and Guan, Cuntai and Aug, Kai Keng and Wang, Chuanchu and Chin, Zheng Yang and Zhang, Haihong and Lim, Choon Guan and Lee, Tih Shih},
	booktitle={Signal Processing Conference (EUSIPCO), 2015 23rd European},
	pages={2731--2735},
	year={2015},
	organization={IEEE}
}
@misc{sklearn,
	title = {{Scikit-learn} Machine learning library for Python},
	howpublished = {\url{http://scikit-learn.org}},
	author = {Scikit-Learn}
	note = {Accessed: 28-04-2016}
}
